
@article{wagenmakers2018bayesian,
  title={Bayesian inference for psychology. Part I: Theoretical advantages and practical ramifications},
  author={Wagenmakers, Eric-Jan and Marsman, Maarten and Jamil, Tahira and Ly, Alexander and Verhagen, Josine and Love, Jonathon and Selker, Ravi and Gronau, Quentin F and {\v{S}}m{\'\i}ra, Martin and Epskamp, Sacha and others},
  journal={Psychonomic bulletin \& review},
  volume={25},
  number={1},
  pages={35--57},
  year={2018},
  publisher={Springer}
}

@article{abell2009canny,
  title={Canny resemblance},
  author={Abell, Catharine},
  journal={Philosophical Review},
  volume={118},
  number={2},
  pages={183--223},
  year={2009},
  publisher={Duke University Press}
}

@article{monroe2017colors,
  title={Colors in context: A pragmatic neural model for grounded language understanding},
  author={Monroe, Will and Hawkins, Robert XD and Goodman, Noah D and Potts, Christopher},
  journal={arXiv preprint arXiv:1703.10186},
  year={2017}
}

@article{wagenmakers2010bayesian,
  title={Bayesian hypothesis testing for psychologists: A tutorial on the Savage--Dickey method},
  author={Wagenmakers, Eric-Jan and Lodewyckx, Tom and Kuriyal, Himanshu and Grasman, Raoul},
  journal={Cognitive psychology},
  volume={60},
  number={3},
  pages={158--189},
  year={2010},
  publisher={Elsevier}
}

@article{jefferys1992ockham,
  title={Ockham's razor and Bayesian analysis},
  author={Jefferys, William H and Berger, James O},
  journal={American Scientist},
  volume={80},
  number={1},
  pages={64--72},
  year={1992},
  publisher={JSTOR}
}

@article{neal2001annealed,
  title={Annealed importance sampling},
  author={Neal, Radford M},
  journal={Statistics and computing},
  volume={11},
  number={2},
  pages={125--139},
  year={2001},
  publisher={Springer}
}

@article{fay2013bootstrap,
  title={How to bootstrap a human communication system},
  author={Fay, Nicolas and Arbib, Michael and Garrod, Simon},
  journal={Cognitive science},
  volume={37},
  number={7},
  pages={1356--1367},
  year={2013},
  publisher={Wiley Online Library}
}

@article{verhoef2014emergence,
  title={Emergence of combinatorial structure and economy through iterated learning with continuous acoustic signals},
  author={Verhoef, Tessa and Kirby, Simon and De Boer, Bart},
  journal={Journal of Phonetics},
  volume={43},
  pages={57--68},
  year={2014},
  publisher={Elsevier}
}

@inproceedings{Cohn-GordonGP18,
  author    = {Reuben Cohn{-}Gordon and
               Noah D. Goodman and
               Christopher Potts},
  title     = {Pragmatically Informative Image Captioning with Character-Level Inference},
  booktitle = {Proceedings of the 2018 Conference of the North American Chapter of
               the Association for Computational Linguistics: Human Language Technologies,
               NAACL-HLT, New Orleans, Louisiana, USA, June 1-6, 2018, Volume 2 (Short
               Papers)},
  pages     = {439--443},
  year      = {2018},
  crossref  = {DBLP:conf/naacl/2018-2},
  url       = {https://aclanthology.info/papers/N18-2070/n18-2070},
  timestamp = {Wed, 30 May 2018 15:04:59 +0200},
  biburl    = {https://dblp.org/rec/bib/conf/naacl/Cohn-GordonGP18},
  bibsource = {dblp computer science bibliography, https://dblp.org}
}

@article{kemp2012kinship,
  title={Kinship categories across languages reflect general communicative principles},
  author={Kemp, Charles and Regier, Terry},
  journal={Science},
  volume={336},
  number={6084},
  pages={1049--1054},
  year={2012},
  publisher={American Association for the Advancement of Science}
}

@article{garrod2010can,
  title={Can iterated learning explain the emergence of graphical symbols?},
  author={Garrod, Simon and Fay, Nicolas and Rogers, Shane and Walker, Bradley and Swoboda, Nik},
  journal={Interaction Studies},
  volume={11},
  number={1},
  pages={33--50},
  year={2010},
  publisher={John Benjamins Publishing Company}
}

@article{franke2016probabilistic,
  title={Probabilistic pragmatics, or why Bayes’ rule is probably important for pragmatics},
  author={Franke, Michael and J{\"a}ger, Gerhard},
  journal={Zeitschrift f{\"u}r sprachwissenschaft},
  volume={35},
  number={1},
  pages={3--44},
  year={2016},
  publisher={De Gruyter Mouton}
}

@article{bergen2016pragmatic,
  title={Pragmatic reasoning through semantic inference},
  author={Bergen, Leon and Levy, Roger and Goodman, Noah},
  journal={Semantics and Pragmatics},
  volume={9},
  year={2016}
}

@article{FanCommon2018,
author = {Fan, Judith E. and Yamins, Daniel L. K. and Turk-Browne, Nicholas B.},
title = {Common Object Representations for Visual Production and Recognition},
journal = {Cognitive Science},
volume = {0},
number = {0},
pages = {},
year={2018},
keywords = {Communication, Drawing, Learning, Perception and action, Computer vision},
doi = {10.1111/cogs.12676},
url = {https://onlinelibrary.wiley.com/doi/abs/10.1111/cogs.12676},
eprint = {https://onlinelibrary.wiley.com/doi/pdf/10.1111/cogs.12676},
}

@article{kubilius2016deep,
  title={Deep neural networks as a computational model for human shape sensitivity},
  author={Kubilius, Jonas and Bracci, Stefania and de Beeck, Hans P Op},
  journal={PLoS computational biology},
  volume={12},
  number={4},
  pages={e1004896},
  year={2016},
  publisher={Public Library of Science}
}

@article{hornik1991approximation,
  title={Approximation capabilities of multilayer feedforward networks},
  author={Hornik, Kurt},
  journal={Neural networks},
  volume={4},
  number={2},
  pages={251--257},
  year={1991},
  publisher={Elsevier}
}

@online{quickdraw2017,
title={'Google QuickDraw'},
url={https://quickdraw.withgoogle.com/},
year={2017},
author={Jongejan, Jonas and Rowley, Henry and Kawashima, Takashi and Kim, Jongmin and Fox-Gieg, Nick}
}

@misc{grice1975syntax,
  title={Syntax and semantics},
  author={Grice, H Paul and Cole, Peter and Morgan, Jerry L},
  year={1975}
}

@article{frank2012predicting,
  title={Predicting pragmatic reasoning in language games},
  author={Frank, Michael C and Goodman, Noah D},
  journal={Science},
  volume={336},
  number={6084},
  pages={998--998},
  year={2012},
  publisher={American Association for the Advancement of Science}
}

@article{goodman2013knowledge,
  title={Knowledge and implicature: Modeling language understanding as social cognition},
  author={Goodman, Noah D and Stuhlm{\"u}ller, Andreas},
  journal={Topics in cognitive science},
  volume={5},
  number={1},
  pages={173--184},
  year={2013},
  publisher={Wiley Online Library}
}

@inproceedings{kao2014formalizing,
  title={Formalizing the pragmatics of metaphor understanding},
  author={Kao, Justine and Bergen, Leon and Goodman, Noah},
  booktitle={Proceedings of the annual meeting of the Cognitive Science Society},
  volume={36},
  number={36},
  year={2014}
}

@misc{clark1996using,
  title={Using language. New York, NY, US},
  author={Clark, HH},
  year={1996},
  publisher={Cambridge University Press. http://dx. doi. org/10.2277/0521561582}
}

@incollection{wilson2002relevance,
  title={Relevance theory},
  author={Wilson, Deirdre and Sperber, Dan},
  booktitle={Handbook of pragmatics},
  year={2002},
  publisher={Blackwell}
}

@book{goodenough1963goodenough,
  title={Goodenough-Harris drawing test},
  author={Goodenough, Florence Laura},
  year={1963},
  publisher={Harcourt Brace Jovanovich New York}
}

@article{perdreau2014drawing,
  title={Drawing skill is related to the efficiency of encoding object structure},
  author={Perdreau, Florian and Cavanagh, Patrick},
  journal={i-Perception},
  volume={5},
  number={2},
  pages={101--119},
  year={2014},
  publisher={SAGE Publications Sage UK: London, England}
}

@inbook{kozbelt_ostrofsky_2018, 
  place={Cambridge}, 
  edition={2}, 
  series={Cambridge Handbooks in Psychology}, 
  title={Expertise in Drawing}, 
  DOI={10.1017/9781316480748.030}, 
  booktitle={The Cambridge Handbook of Expertise and Expert Performance}, 
  publisher={Cambridge University Press}, 
  author={Kozbelt, Aaron and Ostrofsky, Justin}, 
  editor={Ericsson, K. Anders and Hoffman, Robert R. and Kozbelt, Aaron and Williams, A. MarkEditors}, 
  year={2018}, 
  pages={576–596}, 
  collection={Cambridge Handbooks in Psychology}
}
  
@article{toku2001cross,
  title={Cross-cultural analysis of artistic development: Drawing by Japanese and US children},
  author={Toku, Masami},
  journal={Visual Arts Research},
  volume={27},
  number={1},
  pages={46--59},
  year={2001},
  publisher={JSTOR}
}

@book{clottes2008cave,
Author = {Clottes, Jean},
Publisher = {Phaidon London},
Title = {Cave Art},
Year = {2008}}

@book{donald1991origins,
  title={Origins of the modern mind: Three stages in the evolution of culture and cognition},
  author={Donald, Merlin},
  year={1991},
  publisher={Harvard University Press}
}
@book{tomasello2009cultural,
  title={The cultural origins of human cognition},
  author={Tomasello, Michael},
  year={2009},
  publisher={Harvard university press}
}

@book{card1999readings,
  title={Readings in information visualization: using vision to think},
  author={Card, Mackinlay},
  year={1999},
  publisher={Morgan Kaufmann}
}

@article{perdreau2013artists,
  title={Is artists' perception more veridical?},
  author={Perdreau, Florian and Cavanagh, Patrick},
  journal={Frontiers in neuroscience},
  volume={7},
  pages={6},
  year={2013},
  publisher={Frontiers}
}

@book{gombrich1989story,
Author = {Gombrich, E.H.},
Isbn = {9780714833552},
Lccn = {gb96007859},
Publisher = {Phaidon Press, Ltd.},
Title = {The story of art},
Year = {1989}}

@book{kellogg1969analyzing,
Author = {Kellogg, Rhoda},
Publisher = {National Press Books Palo Alto, CA},
Title = {Analyzing children's art},
Year = {1969}}

@inproceedings{fan2015common,
Author = {Fan, Judith and Yamins, Daniel and Turk-Browne, Nicholas},
Booktitle = {Proceedings of the 37th Annual Conference of the Cognitive Science Society},
Title = {{Common object representations for visual recognition and production}},
Year = {2015}}

@article{yamins2014performance,
Author = {Yamins, Daniel LK and Hong, Ha and Cadieu, Charles F and Solomon, Ethan A and Seibert, Darren and DiCarlo, James J},
Journal = {Proceedings of the National Academy of Sciences},
Number = {23},
Pages = {8619--8624},
Publisher = {National Acad Sciences},
Title = {Performance-optimized hierarchical models predict neural responses in higher visual cortex},
Volume = {111},
Year = {2014}}

@book{goodman1976languages,
Author = {Goodman, Nelson},
Publisher = {Hackett publishing},
Title = {Languages of art: An approach to a theory of symbols},
Year = {1976}}

@book{gombrich1969art,
Author = {Gombrich, E.H.},
Lccn = {59013517},
Publisher = {Princeton University Press},
Series = {(Bollingen series, 35. The A. W. Mellon lectures in the fine arts, 5)},
Title = {Art and Illusion: A Study in the Psychology of Pictorial Representation},
Year = {1969}}

@article{Aubert:2014jy,
Author = {Aubert, M and Brumm, A and Ramli, M and Sutikna, T and Saptomo, E W and Hakim, B and Morwood, M J and van den Bergh, G D and Kinsley, L and Dosseto, A},
Journal = {Nature},
Month = sep,
Number = {7521},
Pages = {223--227},
Title = {{Pleistocene cave art from Sulawesi, Indonesia}},
Volume = {514},
Year = {2014}}

@book{clottes2008cave,
Author = {Clottes, Jean},
Publisher = {Phaidon London},
Title = {Cave Art},
Year = {2008}}

@article{hoffmann2018u,
title={U-Th dating of carbonate crusts reveals Neandertal origin of Iberian cave art},
author={Hoffmann, DL and Standish, CD and Garc{\'\i}a-Diez, M and Pettitt, PB and Milton, JA and Zilh{\~a}o, J and Alcolea-Gonz{\'a}lez, JJ and Cantalejo-Duarte, P and Collado, H and De Balb{\'\i}n, R and others},
journal={Science},
volume={359},
number={6378},
pages={912--915},
year={2018},
publisher={American Association for the Advancement of Science}
}

@book{kellogg1969analyzing,
Author = {Kellogg, Rhoda},
Publisher = {National Press Books Palo Alto, CA},
Title = {Analyzing children's art},
Year = {1969}}

@article{Sayim:2011bz,
Author = {Sayim, Bilge},
Month = oct,
Pages = {1--4},
Title = {{What line drawings reveal about the visual brain}},
Year = {2011}}

@book{gibson2014ecological,
title={The ecological approach to visual perception: classic edition},
author={Gibson, James J},
year={2014},
publisher={Psychology Press}
}

@article{hochberg1962pictorial,
Author = {Hochberg, Julian and Brooks, Virginia},
Journal = {the american Journal of Psychology},
Pages = {624--628},
Publisher = {JSTOR},
Title = {Pictorial recognition as an unlearned ability: A study of one child's performance},
Year = {1962}}

@article{kennedy1975outline,
Author = {Kennedy, John M and Ross, Abraham S},
Journal = {Perception},
Number = {4},
Pages = {391--406},
Publisher = {SAGE Publications},
Title = {Outline picture perception by the Songe of Papua},
Volume = {4},
Year = {1975}}

@article{tanaka2007recognition,
Author = {Tanaka, Masayuki},
Journal = {Animal cognition},
Number = {2},
Pages = {169--179},
Publisher = {Springer},
Title = {Recognition of pictorial representations by chimpanzees (Pan troglodytes)},
Volume = {10},
Year = {2007}}

@book{gombrich1969art,
Author = {Gombrich, E.H.},
Lccn = {59013517},
Publisher = {Princeton University Press},
Series = {(Bollingen series, 35. The A. W. Mellon lectures in the fine arts, 5)},
Title = {Art and Illusion: A Study in the Psychology of Pictorial Representation},
Year = {1969}}


@inproceedings{bergmann2013impact,
Author = {Bergmann, Till and Dale, Rick and Lupyan, Gary},
Booktitle = {Proceedings of the 35th Annual Conference of the Cognitive Science Society},
Pages = {1887--1992},
Title = {The Impact of Communicative Constraints on the Emergence of a Graphical Communication System},
Year = {2013}}

@inproceedings{agrawala2001rendering,
Author = {Agrawala, Maneesh and Stolte, Chris},
Booktitle = {Proceedings of the 28th annual conference on Computer graphics and interactive techniques},
Organization = {ACM},
Pages = {241--249},
Title = {Rendering effective route maps: improving usability through generalization},
Year = {2001}}



@article{Galantucci:2005uh,
Author = {Galantucci, B},
Journal = {Cognitive Science},
Number = {5},
Pages = {737--767},
Title = {{An experimental study of the emergence of human communication systems}},
Volume = {29},
Year = {2005}}


@article{Healey:2007vq,
Author = {Healey, PGT and Swoboda, N and Umata, I and King, J},
Journal = {{Cognitive Science}},
Title = {{Graphical language games: Interactional constraints on representational form}},
Year = {2007}}

@book{boltz1994origin,
title={The origin and early development of the Chinese writing system},
author={Boltz, William G},
volume={78},
year={1994},
publisher={Eisenbrauns}
}

@article{Garrod:2007wk,
Author = {Garrod, Simon and Fay, Nicolas and Lee, John and Oberlander, Jon and MacLeod, Tracy},
Journal = {Cognitive science},
Number = {6},
Pages = {961--987},
Title = {{Foundations of representation: where might graphical symbol systems come from?}},
Volume = {31},
Year = {2007}}


@article{fay2010interactive,
Author = {Fay, Nicolas and Garrod, Simon and Roberts, Leo and Swoboda, Nik},
Journal = {Cognitive Science},
Number = {3},
Pages = {351--386},
Publisher = {Wiley Online Library},
Title = {The interactive evolution of human communication systems},
Volume = {34},
Year = {2010}}


@book{wittgenstein1953philosophical,
Author = {Wittgenstein, Ludwig},
Publisher = {Macmillan},
Title = {Philosophical investigations},
Year = {1953}}

@book{Lewis69_Convention,
Author = {Lewis, David},
Date-Added = {2017-01-16 01:40:45 +0000},
Date-Modified = {2017-01-16 01:40:45 +0000},
Publisher = {Harvard University Press},
Title = {Convention: A philosophical study},
Year = {1969}}

@article{simonyan2014very,
Author = {Simonyan, Karen and Zisserman, Andrew},
Journal = {arXiv preprint arXiv:1409.1556},
Title = {Very deep convolutional networks for large-scale image recognition},
Year = {2014}}


@inproceedings{deng2009imagenet,
Author = {Deng, Jia and Dong, Wei and Socher, Richard and Li, Li-Jia and Li, Kai and Fei-Fei, Li},
Booktitle = {{Computer Vision and Pattern Recognition, 2009.}},
Organization = {IEEE},
Pages = {248--255},
Title = {Imagenet: A large-scale hierarchical image database},
Year = {2009}}

@article{kriegeskorte2008matching,
Author = {Kriegeskorte, Nikolaus and Mur, Marieke and Ruff, Douglas A and Kiani, Roozbeh and Bodurka, Jerzy and Esteky, Hossein and Tanaka, Keiji and Bandettini, Peter A},
Journal = {Neuron},
Number = {6},
Pages = {1126--1141},
Publisher = {Elsevier},
Title = {Matching categorical object representations in inferior temporal cortex of man and monkey},
Volume = {60},
Year = {2008}}

@article{peterson2016adapting,
title={Adapting deep network features to capture psychological representations},
author={Peterson, Joshua C and Abbott, Joshua T and Griffiths, Thomas L},
journal={arXiv preprint arXiv:1608.02164},
year={2016}
}

@article{sangkloy2016sketchy,
Author = {Sangkloy, Patsorn and Burnell, Nathan and Ham, Cusuh and Hays, James},
Journal = {ACM Transactions on Graphics (TOG)},
Number = {4},
Pages = {119},
Publisher = {ACM},
Title = {The sketchy database: learning to retrieve badly drawn bunnies},
Volume = {35},
Year = {2016}}

@book{wilson1986relevance,
	Author = {Wilson, Deirdre and Sperber, Dan},
	Publisher = {Mass.},
	Title = {Relevance: Communication and cognition},
	Year = {1986}}

@article{goodman2016pragmatic,
  title={Pragmatic language interpretation as probabilistic inference},
  author={Goodman, Noah D and Frank, Michael C},
  journal={Trends in Cognitive Sciences},
  volume={20},
  number={11},
  pages={818--829},
  year={2016},
  publisher={Elsevier}
}

@book{zipf1936psycho,
	Author = {Zipf, George Kingsley},
	Publisher = {Routledge},
	Title = {The psycho-biology of language: An introduction to dynamic philology},
	Year = {1936}}

@article{ramachandran2018searching,
  title={Searching for activation functions},
  author={Ramachandran, Prajit and Zoph, Barret and Le, Quoc V},
  year={2018}
}

@article{kingma2014adam,
  title={Adam: A method for stochastic optimization},
  author={Kingma, Diederik P and Ba, Jimmy},
  journal={arXiv preprint arXiv:1412.6980},
  year={2014}
}
