

@inproceedings{bergmann2013impact,
author = {Bergmann, Till and Dale, Rick and Lupyan, Gary},
title = {{The Impact of Communicative Constraints on the Emergence of a Graphical Communication System}},
booktitle = {Proceedings of the 35th Annual Conference of the Cognitive Science Society},
year = {2013},
pages = {1887--1992}
}

@article{Galantucci:2005uh,
author = {Galantucci, B},
title = {{An experimental study of the emergence of human communication systems}},
journal = {Cognitive science},
year = {2005},
volume = {29},
number = {5},
pages = {737--767}
}

